@inproceedings{Zhang,
 author = {Zhang, Yongpeng and Mueller, Frank},
 title = {Auto-generation and Auto-tuning of 3D Stencil Codes on GPU Clusters},
 booktitle = {Proceedings of the Tenth International Symposium on Code Generation and Optimization},
 series = {CGO '12},
 year = {2012},
 isbn = {978-1-4503-1206-6},
 location = {San Jose, California},
 pages = {155--164},
 numpages = {10},
 url = {http://doi.acm.org/10.1145/2259016.2259037},
 doi = {10.1145/2259016.2259037},
 acmid = {2259037},
 publisher = {ACM},
 address = {New York, NY, USA},
}

@inproceedings{Mici,
 author = {Micikevicius, Paulius},
 title = {3D Finite Difference Computation on GPUs Using CUDA},
 booktitle = {Proceedings of 2Nd Workshop on General Purpose Processing on Graphics Processing Units},
 series = {GPGPU-2},
 year = {2009},
 isbn = {978-1-60558-517-8},
 location = {Washington, D.C.},
 pages = {79--84},
 numpages = {6},
 url = {http://doi.acm.org/10.1145/1513895.1513905},
 doi = {10.1145/1513895.1513905},
 acmid = {1513905},
 publisher = {ACM},
 address = {New York, NY, USA},
 keywords = {CUDA, GPU, finite difference, parallel algorithms},
}

@article{Gana,
author = {Archana Ganapathi and Kaushik Datta and Armando Fox and David Patterson},
title = {{A Case for Machine Learning to Optimize Multicore Performance}},
masid = {5114424}
}

@inproceedings{Hole,
 author = {Holewinski, Justin and Pouchet, Louis-No\"{e}l and Sadayappan, P.},
 title = {High-performance Code Generation for Stencil Computations on GPU Architectures},
 booktitle = {Proceedings of the 26th ACM International Conference on Supercomputing},
 series = {ICS '12},
 year = {2012},
 isbn = {978-1-4503-1316-2},
 location = {San Servolo Island, Venice, Italy},
 pages = {311--320},
 numpages = {10},
 url = {http://doi.acm.org/10.1145/2304576.2304619},
 doi = {10.1145/2304576.2304619},
 acmid = {2304619},
 publisher = {ACM},
 address = {New York, NY, USA},
 keywords = {gpu, opencl, overlapped tiling, stencil},
} 

@inproceedings{Nguy,
 author = {Nguyen, Anthony and Satish, Nadathur and Chhugani, Jatin and Kim, Changkyu and Dubey, Pradeep},
 title = {3.5D Blocking Optimization for Stencil Computations on Modern CPUs and GPUs},
 booktitle = {Proceedings of the 2010 ACM/IEEE International Conference for High Performance Computing, Networking, Storage and Analysis},
 series = {SC '10},
 year = {2010},
 isbn = {978-1-4244-7559-9},
 pages = {1--13},
 numpages = {13},
 url = {http://dx.doi.org/10.1109/SC.2010.2},
 doi = {10.1109/SC.2010.2},
 acmid = {1884658},
 publisher = {IEEE Computer Society},
 address = {Washington, DC, USA},
}

@conference{meng,
   title={Performance modeling and automatic ghost zone optimization for iterative stencil loops on GPUs},
   author={Meng, J. and Skadron, K.},
   booktitle={Proceedings of the 23rd international conference on Supercomputing},
   pages={256â€“265},
   year={2009},
   organization={ACM}
}

@inproceedings{Datta,
 author = {Datta, Kaushik and Murphy, Mark and Volkov, Vasily and Williams, Samuel and Carter, Jonathan and Oliker, Leonid and Patterson, David and Shalf, John and Yelick, Katherine},
 title = {Stencil Computation Optimization and Auto-tuning on State-of-the-art Multicore Architectures},
 booktitle = {Proceedings of the 2008 ACM/IEEE Conference on Supercomputing},
 series = {SC '08},
 year = {2008},
 isbn = {978-1-4244-2835-9},
 location = {Austin, Texas},
 pages = {4:1--4:12},
 articleno = {4},
 numpages = {12},
 url = {http://dl.acm.org/citation.cfm?id=1413370.1413375},
 acmid = {1413375},
 publisher = {IEEE Press},
 address = {Piscataway, NJ, USA},
}

@article{berg,
   title={Machine Learning for Predictive Auto-Tuning with Boosted Regression Trees},
   author={Bergstra, J. and Pinto, N. and Cox, D.},
   year={2012}
} 

@misc{NVIDIA,
    title={CUDA Programming Guide 6.0},
    publisher={NVIDIA},
    howpublished="\url{http://docs.nvidia.com/cuda/cuda-c-programming-guide/#axzz34ae6B1tV}"
}

@article{Jaeger,
author = {Julien Jaeger and Denis Barthou},
title = {Automatic efficient data layout for multithreaded stencil codes on CPU sand GPUs},
journal ={20th Annual International Conference on High Performance Computing},
volume = {0},
isbn = {978-1-4673-2372-7},
year = {2012},
pages = {1-10},
doi = {http://doi.ieeecomputersociety.org/10.1109/HiPC.2012.6507504},
publisher = {IEEE Computer Society},
address = {Los Alamitos, CA, USA},
}


